<?xml version="1.0" encoding="UTF-8"?><collection xmlns="http://www.loc.gov/MARC21/slim"><record><leader>00419nam--2200157-i-4500</leader><controlfield tag="001">000022303</controlfield><controlfield tag="002">20161230</controlfield><controlfield tag="005">20170126232420</controlfield><controlfield tag="008">060222s1000------------r-----000-0-eng-d</controlfield><datafield ind1=" " ind2=" " tag="100"><subfield code="a">Heckman, H. H</subfield></datafield><datafield ind1=" " ind2=" " tag="245"><subfield code="a">Nuclear physics and the fundamental paraticles</subfield></datafield><datafield ind1=" " ind2=" " tag="260"><subfield code="a">New York</subfield><subfield code="b">Holt, Rienhart And Winston</subfield><subfield code="c">1963</subfield></datafield><datafield ind1=" " ind2=" " tag="300"><subfield code="a">VI + 410 p</subfield></datafield><datafield ind1=" " ind2=" " tag="700"><subfield code="a">Starring, P. W</subfield></datafield><datafield ind1=" " ind2=" " tag="852"><subfield code="a">17198</subfield></datafield><datafield ind1=" " ind2=" " tag="CAT"><subfield code="a">SYS</subfield><subfield code="c">20170126</subfield><subfield code="h">232420</subfield></datafield></record></collection>